
@article{aedohenriquez_habitus_2015,
  title = {El Habitus y La Movilidad Social: De La Modificaci\'on Del Sistema de Disposiciones a La Transformaci\'on de La Estructura de Clases},
  shorttitle = {El Habitus y La Movilidad Social},
  author = {Aedo Henr{\'i}quez, Andr{\'e}s},
  year = {2015},
  month = mar,
  journal = {Revista de Sociolog\'ia},
  volume = {0},
  number = {29},
  issn = {0719-529X, 0716-632X},
  doi = {10.5354/0719-529X.2014.36178},
  file = {C\:\\Users\\kevin\\Zotero\\storage\\G3RMFVCI\\Aedo Henríquez - 2015 - El habitus y la movilidad social de la modificaci.pdf}
}

@article{aguinis_BestPractice_2013,
  title = {Best-{{Practice Recommendations}} for {{Estimating Cross-Level Interaction Effects Using Multilevel Modeling}}},
  author = {Aguinis, Herman and Gottfredson, Ryan K. and Culpepper, Steven Andrew},
  year = {2013},
  month = sep,
  journal = {Journal of Management},
  volume = {39},
  number = {6},
  pages = {1490--1528},
  issn = {0149-2063, 1557-1211},
  doi = {10.1177/0149206313478188},
  langid = {english}
}

@article{araujo_igualdad_2013,
  title = {La Igualdad En El Lazo Social: Procesos Sociohist\'oricos y Nuevas Percepciones de La Desigualdad En La Sociedad Chilena},
  shorttitle = {La Igualdad En El Lazo Social},
  author = {Araujo, Kathya},
  year = {2013},
  month = mar,
  journal = {Dados},
  volume = {56},
  number = {1},
  pages = {109--132},
  issn = {0011-5258},
  doi = {10.1590/S0011-52582013000100005},
  file = {C\:\\Users\\kevin\\Zotero\\storage\\S32LXRFS\\Araujo - 2013 - La igualdad en el lazo social procesos sociohistó.pdf}
}

@article{araujo_percepcion_2019,
  title = {La Percepci\'on de Las Desigualdades: Interacciones Sociales y Procesos Sociohist\'oricos. {{El}} Caso de {{Chile}}},
  shorttitle = {La Percepci\'on de Las Desigualdades},
  author = {Araujo, Kathya},
  year = {2019},
  month = jan,
  journal = {Desacatos. Revista de Ciencias Sociales},
  number = {59},
  pages = {16},
  issn = {2448-5144},
  doi = {10.29340/59.2047},
  abstract = {Con la investigaci\'on emp\'irica como apoyo, en este art\'iculo nos acercamos a~las razones por las cuales las desigualdades en la interacci\'on en Chile se han~constituido en un lente privilegiado para leer los acontecimientos sociales y~establecer juicios respecto a la sociedad. La tesis que se defiende es que la~relevancia de estas desigualdades revela la manera en que los procesos de~transformaci\'on que han atravesado esta sociedad en las \'ultimas d\'ecadas han~cuestionado los principios ordenadores del lazo social al poner en entredicho~l\'ogicas sociales que, en especial en la sociabilidad, a lo largo de la historiamantuvieron intacta una concepci\'on jer\'arquica y vertical de las relaciones~sociales. Como argumento, se toma el caso de las interacciones en las calles.},
  file = {C\:\\Users\\kevin\\Zotero\\storage\\MZDDTN5S\\Araujo - 2019 - La percepción de las desigualdades interacciones .pdf}
}

@book{archer_teoria_2009,
  title = {{Teor\'ia social realista}},
  shorttitle = {{Teoria}},
  author = {Archer, Margaret S},
  year = {2009},
  publisher = {{Editorial Universidad Alberto Hurtado}},
  address = {{Santiago de Chile}},
  isbn = {978-956-8421-92-2},
  langid = {spanish},
  annotation = {OCLC: 1083464323}
}

@article{bacovsky_raising_2021,
  title = {Raising a {{Politically Engaged Generation}}: {{When Parental Influence Matters Most}}},
  shorttitle = {Raising a {{Politically Engaged Generation}}},
  author = {Bacovsky, Pavel and Fitzgerald, Jennifer},
  year = {2021},
  month = aug,
  journal = {Youth \& Society},
  pages = {0044118X2110299},
  issn = {0044-118X, 1552-8499},
  doi = {10.1177/0044118X211029976},
  abstract = {At what ages are young people most open to political influence? We test the ``formative years'' model that underscores the importance of childhood experiences for political development against the ``impressionable years'' model that asserts the primacy of lessons learned during adolescence. To assess the relative merits of these competing models, we develop a new analytical strategy: the Retrospective Family Context approach. We estimate the political engagement levels of 18-year-olds as a function of annual measures of their parents' political engagement levels over the course of the prior decade. German household panel data analysis shows that parental cues sink in quite effectively during late childhood, ages 9 to 11, and during the late teens. These results illuminate an essential dimension of political development, and they can inform efforts to encourage young people's political participation.},
  langid = {english}
}

@incollection{bandura_sociallearning_1969,
  title = {Social-Learning Theory of Identificatory Processes},
  booktitle = {Handbook of Socialization Theory and Research},
  author = {Bandura, A},
  year = {1969},
  pages = {213--262}
}

@article{barber_Immigrant_2015,
  title = {Immigrant and Native-Born Adolescents' Civic Knowledge and Attitudes in {{Sweden}} and the {{United States}}: {{Emergent}} Citizenship within Developmental Niches},
  shorttitle = {Immigrant and Native-Born Adolescents' Civic Knowledge and Attitudes in {{Sweden}} and the {{United States}}},
  author = {Barber, Carolyn and {Torney-Purta}, Judith and Wilkenfeld, Britt and Ross, Jessica},
  year = {2015},
  month = mar,
  journal = {Research in Comparative and International Education},
  volume = {10},
  number = {1},
  pages = {23--47},
  issn = {1745-4999, 1745-4999},
  doi = {10.1177/1745499914567818},
  langid = {english},
  file = {C\:\\Users\\kevin\\Zotero\\storage\\CXML6G9N\\Barber et al. - 2015 - Immigrant and native-born adolescents’ civic knowl.pdf}
}

@article{barber_Profiles_2020,
  title = {Profiles of Adolescents' Civic Attitudes in Sixteen Countries: {{Examining}} Cross-Cohort Changes from 1999 to 2009},
  shorttitle = {Profiles of Adolescents' Civic Attitudes in Sixteen Countries},
  author = {Barber, Carolyn and Ross, Jessica},
  year = {2020},
  month = jun,
  journal = {Research in Comparative and International Education},
  volume = {15},
  number = {2},
  pages = {79--96},
  issn = {1745-4999, 1745-4999},
  doi = {10.1177/1745499920910583},
  abstract = {The purpose of this study is to examine profiles of students' attitudes toward citizenship norms and inclusiveness in the political process, focusing on changes in the frequency of particular profiles and in the strength of predictors across a decade. Using data from 16 countries participating in the 1999 and 2009 International Association for the Evaluation of Educational Achievement civic education studies, we identified five attitudinal profiles. Profiles defined by negative attitudes toward diverse social groups decreased over time, whereas profiles defined by very positive attitudes toward diverse groups increased, particularly in western Europe. Although some post-Communist countries demonstrated trends toward more positive attitudinal profiles, others trended toward profiles defined by weaker citizenship norms. Across countries and cohorts, more positive profiles were associated with stronger school climates and expectations of civic participation.},
  langid = {english}
}

@article{bayramozdemir_How_2020,
  title = {How {{Does Adolescents}}' {{Openness}} to {{Diversity Change Over Time}}? {{The Role}} of {{Majority-Minority Friendship}}, {{Friends}}' {{Views}}, and {{Classroom Social Context}}},
  shorttitle = {How {{Does Adolescents}}' {{Openness}} to {{Diversity Change Over Time}}?},
  author = {Bayram {\"O}zdemir, Sevgi and {\"O}zdemir, Metin and Boersma, Katja},
  year = {2020},
  month = oct,
  journal = {Journal of Youth and Adolescence},
  issn = {0047-2891, 1573-6601},
  doi = {10.1007/s10964-020-01329-4},
  abstract = {Abstract                            Young people are growing up in increasingly ``super-diverse'' societies, and show variations in how they approach diversity and embrace differences. Developing a good understanding of why some youth appreciate and value diversity whereas others do not is crucial in identifying ways to promote social interactions among different groups in broader society. The current study examined whether adolescents follow different trajectories in their views on diversity, and identified possible factors behind how they change over time. The sample included 1362 adolescents residing in Sweden (               M                                age                              \,=\,13.18,               SD               \,=\,0.43, 48\% girls). Adolescents reported on their openness to diversity and classroom social climate. The peer nominations method was used to measure majority-minority friendship, and friends' views on diversity. Latent growth analysis showed that adolescents, on average, became more open to diversity over time, but with clear heterogeneity. Three distinct trajectories were identified as:               high-increasing               ,               average-increasing               , and               average-declining               . Relative to the high-increasing group, the other two were more likely to be male and immigrant. Relative to the high-increasing group, adolescents on the average-increasing trajectory perceived their classroom climate as less cooperative, while the adolescents on the average-declining trajectory were less likely to have friends with positive views on diversity. The findings suggest that schools may serve as a shared ground for promoting openness to diversity.},
  langid = {english},
  file = {C\:\\Users\\kevin\\Zotero\\storage\\UBTPSSQ6\\Bayram Özdemir et al. - 2020 - How Does Adolescents’ Openness to Diversity Change.pdf}
}

@article{belleic_estudio_2013,
  title = {El Estudio de La Segregaci\'on Socioecon\'omica y Acad\'emica de La Educaci\'on Chilena},
  author = {Bellei C, Cristi{\'a}n},
  year = {2013},
  journal = {Estudios pedag\'ogicos (Valdivia)},
  volume = {39},
  number = {1},
  pages = {325--345},
  issn = {0718-0705},
  doi = {10.4067/S0718-07052013000100019},
  langid = {english},
  file = {C\:\\Users\\kevin\\Zotero\\storage\\BNQGZGID\\Bellei C - 2013 - El estudio de la segregación socioeconómica y acad.pdf}
}

@misc{bibliotecadelcongresonacional_ley_2015,
  title = {{{LEY DE INCLUSI\'ON ESCOLAR QUE REGULA LA ADMISI\'ON DE LOS Y LAS ESTUDIANTES}}, {{ELIMINA EL FINANCIAMIENTO COMPARTIDO Y PROH\'IBE EL LUCRO EN ESTABLECIMIENTOS EDUCACIONALES QUE RECIBEN APORTES DEL ESTADO}}},
  author = {{Biblioteca del Congreso Nacional}},
  year = {2015},
  month = jun,
  journal = {www.bcn.cl/leychile},
  abstract = {Servicio proporcionado por la Biblioteca del Congreso Nacional (BCN), que contiene la informaci\'on jur\'idico-legislativa},
  howpublished = {https://www.bcn.cl/leychile},
  langid = {english}
}

@misc{bibliotecadelcongresonacional_plan_2016,
  title = {{{PLAN DE FORMACI\'ON CIUDADANA PARA LOS ESTABLECIMIENTOS EDUCACIONALES RECONOCIDOS POR EL ESTADO}}},
  author = {{Biblioteca del Congreso Nacional}},
  year = {2016},
  month = apr,
  journal = {www.bcn.cl/leychile},
  abstract = {Servicio proporcionado por la Biblioteca del Congreso Nacional (BCN), que contiene la informaci\'on jur\'idico-legislativa},
  howpublished = {https://www.bcn.cl/leychile},
  langid = {english},
  file = {C\:\\Users\\kevin\\Zotero\\storage\\3UVREQFZ\\navegar.html}
}

@book{bourdieu_sentido_2007,
  title = {{El sentido pr\'actico}},
  shorttitle = {{El sentido pr?}},
  author = {Bourdieu, Pierre},
  year = {2007},
  publisher = {{Siglo Veintiuno Argentina}},
  address = {{Buenos Aires}},
  isbn = {978-987-1220-84-7},
  langid = {spanish},
  annotation = {OCLC: 228808668}
}

@article{campbell_Voice_2008,
  title = {Voice in the {{Classroom}}: {{How}} an {{Open Classroom Climate Fosters Political Engagement Among Adolescents}}},
  shorttitle = {Voice in the {{Classroom}}},
  author = {Campbell, David E.},
  year = {2008},
  month = dec,
  journal = {Political Behavior},
  volume = {30},
  number = {4},
  pages = {437--454},
  issn = {0190-9320, 1573-6687},
  doi = {10.1007/s11109-008-9063-z},
  langid = {english}
}

@incollection{carstens_Overview_2018,
  title = {Overview of the {{IEA International Civic}} and {{Citizenship Education Study}} 2016},
  booktitle = {{{ICCS}} 2016 Technical Report},
  author = {Carstens, Ralph and Schulz, Wolfram},
  year = {2018}
}

@book{castells_globalizacion_2005,
  title = {Globalizaci\'on, Desarrollo y Democracia: {{Chile}} En El Contexto Mundial},
  shorttitle = {Globalizaci\'on, Desarrollo y Democracia},
  author = {Castells, Manuel},
  year = {2005},
  series = {Secci\'on de Obras de Sociolog\'ia},
  edition = {1. ed},
  publisher = {{Fondo de Cultura Econ\'omica Chile}},
  address = {{Santiago, Chile}},
  collaborator = {{Fondo de Cultura Econ{\'o}mica (Chile)}},
  isbn = {978-956-289-049-6},
  lccn = {JL2681 .C38 2005},
  keywords = {1988-,Chile,Democracy,Globalization,Political aspects,Politics and government},
  annotation = {OCLC: ocm84011905}
}

@article{castillo_Social_2014,
  title = {Social Inequality and Changes in Students' Expected Political Participation in {{Chile}}},
  author = {Castillo, Juan C and Miranda, Daniel and Bonhomme, Macarena and Cox, Cristi{\'a}n and Bascop{\'e}, Mart{\'i}n},
  year = {2014},
  month = jul,
  journal = {Education, Citizenship and Social Justice},
  volume = {9},
  number = {2},
  pages = {140--156},
  issn = {1746-1979, 1746-1987},
  doi = {10.1177/1746197914520650},
  langid = {english}
}

@book{cox_Aprendizaje_2015,
  title = {Aprendizaje de La Ciudadan\'ia: Contextos, Experiencias y Resultados},
  shorttitle = {Aprendizaje de La Ciudadan\'ia},
  editor = {Cox, Cristi{\'a}n and Castillo, Juan Carlos},
  year = {2015},
  publisher = {{Ediciones Universidad Cat\'olica de Chile}},
  address = {{Santiago}},
  isbn = {978-956-14-1513-3},
  lccn = {323.60983}
}

@article{diez-nicolas_Exclusion_2019,
  title = {Exclusi\'on Social de Los Vecinos En Una Perspectiva Comparada Mundial / {{Social Exclusion}} of {{Neighbours}} in {{Comparative World Perspective}}},
  author = {{D{\'i}ez-Nicol{\'a}s}, Juan and {L{\'o}pez-Narbona}, Ana Mar{\'i}a},
  year = {2019},
  journal = {Revista Espa\~nola de Investigaciones Sociol\'ogicas},
  issn = {02105233},
  doi = {10.5477/cis/reis.166.45},
  file = {C\:\\Users\\kevin\\Zotero\\storage\\2HTVKXTR\\Díez-Nicolás y López-Narbona - 2019 - Exclusión social de los vecinos en una perspectiva.pdf}
}

@article{donosoromo_INTERCULTURALIDAD_2006,
  title = {{{INTERCULTURALIDAD Y POL\'ITICAS P\'UBLICAS EN EDUCACI\'ON}}: {{REFLEXIONES DESDE SANTIAGO DE CHILE}}},
  shorttitle = {{{INTERCULTURALIDAD Y POL\'ITICAS P\'UBLICAS EN EDUCACI\'ON}}},
  author = {Donoso Romo, Andr{\'e}s and Contreras M{\"u}hlenbrock, Rafael and Cubillos Puelma, Leonardo and Aravena Arag{\'o}n, Luis},
  year = {2006},
  journal = {Estudios pedag\'ogicos (Valdivia)},
  volume = {32},
  number = {1},
  issn = {0718-0705},
  doi = {10.4067/S0718-07052006000100002},
  langid = {english}
}

@book{durkheim_educacion_1999,
  title = {{Educaci\'on y sociolog\'ia}},
  shorttitle = {{Educacion}},
  author = {Durkheim, emile},
  year = {1999},
  publisher = {{Altaya}},
  address = {{Barcelona}},
  isbn = {978-84-487-1276-1},
  langid = {spanish},
  annotation = {OCLC: 434256436}
}

@article{farkac_Tolerance_2020,
  title = {Tolerance More than Equality? {{Two}} Facets of Tolerance towards Immigrants among {{Czech}} Adolescents},
  shorttitle = {Tolerance More than Equality?},
  author = {Farka{\v c}, Bronislav and Scott, Zuzana and {\v S}erek, Jan},
  year = {2020},
  month = sep,
  journal = {European Journal of Developmental Psychology},
  volume = {17},
  number = {5},
  pages = {679--703},
  issn = {1740-5629, 1740-5610},
  doi = {10.1080/17405629.2020.1724534},
  langid = {english}
}

@article{fine-davis_Equality_2014,
  title = {Equality and {{Diversity}} in the {{Classroom}}: {{A Comparison}} of {{Students}}' and {{Teachers}}' {{Attitudes}} in {{Six European Countries}}},
  shorttitle = {Equality and {{Diversity}} in the {{Classroom}}},
  author = {{Fine-Davis}, Margret and Faas, Daniel},
  year = {2014},
  month = dec,
  journal = {Social Indicators Research},
  volume = {119},
  number = {3},
  pages = {1319--1334},
  issn = {0303-8300, 1573-0921},
  doi = {10.1007/s11205-013-0547-9},
  langid = {english},
  file = {C\:\\Users\\kevin\\Zotero\\storage\\BBT29LSA\\Fine-Davis y Faas - 2014 - Equality and Diversity in the Classroom A Compari.pdf}
}

@article{groof_Influence_2008,
  title = {The {{Influence}} of {{Civic Knowledge}} versus {{Democratic School Experiences}} on {{Ethnic Tolerance}} of {{Adolescents}}. {{A Multilevel}} Analysis},
  author = {Groof, Saskia De and Elchardus, Mark and Franck, Eva and Kavadis, Dimokritos},
  year = {2008},
  pages = {25},
  abstract = {In a society of rapid change and increasing complexity, there is a growing need for citizens to be informed, to be actively involved and to take up personal responsibility. However, research points out citizens no longer feel connected to society and that intolerance and distrust tend to increase. Therefore a crucial role has been granted to citizenship education from early ages on.},
  langid = {english},
  file = {C\:\\Users\\kevin\\Zotero\\storage\\QU3KK6DU\\Groof et al. - The Influence of Civic Knowledge versus Democratic.pdf}
}

@article{hjerm_New_2020,
  title = {A {{New Approach}} to the {{Study}} of {{Tolerance}}: {{Conceptualizing}} and {{Measuring Acceptance}}, {{Respect}}, and {{Appreciation}} of {{Difference}}},
  shorttitle = {A {{New Approach}} to the {{Study}} of {{Tolerance}}},
  author = {Hjerm, Mikael and Eger, Maureen A. and Bohman, Andrea and Fors Connolly, Filip},
  year = {2020},
  month = feb,
  journal = {Social Indicators Research},
  volume = {147},
  number = {3},
  pages = {897--919},
  issn = {0303-8300, 1573-0921},
  doi = {10.1007/s11205-019-02176-y},
  abstract = {Abstract             Previous empirical research on tolerance suffers from a number of shortcomings, the most serious being the conceptual and operational conflation of (in)tolerance and prejudice. We design research to remedy this. First, we contribute to the literature by advancing research that distinguishes analytically between the two phenomena. We conceptualize tolerance as a value orientation towards difference. This definition\textemdash which is abstract and does not capture attitudes towards specific out-groups, ideas, or behaviors\textemdash allows for the analysis of tolerance within and between societies. Second, we improve the measurement of tolerance by developing survey items that are consistent with this conceptualization. We administer two surveys, one national (Sweden) and one cross-national (Australia, Denmark, Great Britain, Sweden, and the United States). Results from structural equation models show that tolerance is best understood as a three-dimensional concept, which includes acceptance of, respect for, and appreciation of difference. Analyses show that measures of tolerance have metric invariance across countries, and additional tests demonstrate convergent and discriminant validity. We also assess tolerance's relationship to prejudice and find that only an appreciation of difference has the potential to reduce prejudice. We conclude that it is not only possible to measure tolerance in a way that is distinct from prejudice but also necessary if we are to understand the causes and consequences of tolerance.},
  langid = {english},
  file = {C\:\\Users\\kevin\\Zotero\\storage\\WGRSLGBE\\Hjerm et al. - 2020 - A New Approach to the Study of Tolerance Conceptu.pdf}
}

@incollection{huaiquimilhermosilla_Evaluacion_2018,
  title = {Evaluaci\'on de La Sensibilidad Intercultural: Oportunidades Para Iniciar El Di\'alogo Intercultural},
  booktitle = {Experiencias Educativas En El Aula de {{Infantil}}, Primaria y Secundaria},
  author = {Huaiquimil Hermosilla, Adriana},
  year = {2018},
  pages = {115--124},
  publisher = {{Adaya Press}},
  address = {{Eindhoven}},
  isbn = {978-94-92805-06-5}
}

@book{inglehart_Modernization_2001,
  title = {Modernization, {{Cultural Change}}, and {{Democracy}}: {{The Human Development Sequence}}},
  shorttitle = {Modernization, {{Cultural Change}}, and {{Democracy}}},
  author = {Inglehart, Ronald and Welzel, Christian},
  year = {2001},
  month = jan,
  edition = {First},
  publisher = {{Cambridge University Press}},
  doi = {10.1017/CBO9780511790881},
  isbn = {978-0-521-84695-0 978-0-521-60971-5 978-0-511-79088-1}
}

@misc{institutonacionaldeestadisticas_Sintesis_2018,
  title = {S\'intesis de Resultados {{CENSO}} 2017},
  author = {{Instituto Nacional de Estad{\'i}sticas}},
  year = {2018}
}

@article{isac_Native_2012,
  title = {{Native Students Attitudes towards Equal Rights for Immigrants. A Study in 18 European Countries}},
  author = {Isac, Maria Magdalena and Maslowski, Ralf and Van Der Werf, Greetje},
  year = {2012},
  month = apr,
  journal = {JSSE - Journal of Social Science Education},
  pages = {12012: Comparative Studies of Civic and Citizenship Education},
  publisher = {{JSSE - Journal of Social Science Education}},
  doi = {10.4119/JSSE-586},
  abstract = {The present study investigates the determinants of native student attitudes towards equal rights for immigrants giving particular attention to the effect of immigrant share in the classroom and the extent to which it can be generalized across country contexts. The contribution sheds some new light on the validity of the contact hypothesis, which suggests that mixing native and immigrant students in schools and classrooms can contribute to higher levels of support for immigrants' rights. The analyses were conducted across 18 countries participating to the ICCS survey in 2009. For the analyses we applied a three-level multilevel model controlling for individual, classroom, and country characteristics. We tested a random slope for immigrant share in the classroom at country level, and we modeled both linear and quadratic effects of immigrant share. The overall pattern suggests that in most countries there is a small positive effect of immigrant share, which does not change dramatically in direction or size at higher immigrant share levels.},
  copyright = {This work is licensed under a Creative Commons Attribution-ShareAlike 4.0 International License.},
  langid = {german}
}

@book{isac_Teaching_2018,
  title = {Teaching {{Tolerance}} in a {{Globalized World}}},
  editor = {Isac, Maria Magdalena and Miranda, Daniel and {Sandoval-Hern{\'a}ndez}, Andr{\'e}s},
  year = {2018},
  series = {{{IEA Research}} for {{Education}}, {{A Series}} of {{In-depth Analyses Based}} on {{Data}} of the {{International Association}} for the {{Evaluation}} of {{Educational Achievement}} ({{IEA}})},
  edition = {1st ed. 2018},
  number = {4},
  publisher = {{Springer International Publishing : Imprint: Springer}},
  address = {{Cham}},
  doi = {10.1007/978-3-319-78692-6},
  abstract = {This open access thematic report identifies factors and conditions that can help schools and education systems promote tolerance in a globalized world. The IEA's International Civic and Citizenship Study (ICCS) is a comparative research program designed to investigate the ways in which young people are prepared to undertake their roles as citizens, and provides a wealth of data permitting not only comparison between countries but also comparisons between schools within countries, and students within countries. Advanced analytical methods provide insights into relationships between students' attitudes towards cultural diversity and the characteristics of the students themselves, their families, their teachers and school principals. The rich diversity of educational and cultural contexts in the 38 countries who participated in ICCS 2009 are also acknowledged and addressed. Readers interested in civic education and adolescents' attitudes towards cultural diversity will find the theoretical perspectives explored engaging. For readers interested in methodology, the advanced analytical methods employed present textbook examples of how to address cross-cultural comparability of measurement instruments and multilevel data structures in international large-scale assessments (ILSA). Meanwhile, those interested in educational policy should find the identification and comparison of malleable factors across education systems that contribute to positive student attitudes towards cultural diversity a useful and thought-provoking resource},
  isbn = {978-3-319-78692-6},
  lccn = {371.26},
  keywords = {Assessment,Assessment; Testing and Evaluation,Comparative education,Education and state,Educational policy,Educational Policy and Politics,International and Comparative Education,International education},
  file = {C\:\\Users\\kevin\\Zotero\\storage\\HWS5A2GT\\Isac et al. - 2018 - Teaching Tolerance in a Globalized World.pdf}
}

@incollection{isac_Teaching_2018a,
  title = {Teaching {{Tolerance}} in a {{Globalized World}}: {{An Introduction}}},
  shorttitle = {Teaching {{Tolerance}} in a {{Globalized World}}},
  booktitle = {Teaching {{Tolerance}} in a {{Globalized World}}},
  author = {Isac, Maria Magdalena and {Sandoval-Hern{\'a}ndez}, Andr{\'e}s and Miranda, Daniel},
  editor = {{Sandoval-Hern{\'a}ndez}, Andr{\'e}s and Isac, Maria Magdalena and Miranda, Daniel},
  year = {2018},
  volume = {4},
  pages = {1--10},
  publisher = {{Springer International Publishing}},
  address = {{Cham}},
  doi = {10.1007/978-3-319-78692-6_1},
  isbn = {978-3-319-78691-9 978-3-319-78692-6},
  file = {C\:\\Users\\kevin\\Zotero\\storage\\BXXTISF8\\Isac et al. - 2018 - Teaching Tolerance in a Globalized World An Intro.pdf}
}

@article{kudrnac_Can_2018,
  title = {Can Political Inequality Be Reduced in the Classroom? {{Testing}} the Compensation Hypothesis and the {{BFLPE}} on Youth Civic Competence},
  shorttitle = {Can Political Inequality Be Reduced in the Classroom?},
  author = {Kudrn{\'a}{\v c}, Ale{\v s} and Lyons, Pat},
  year = {2018},
  month = apr,
  journal = {School Effectiveness and School Improvement},
  volume = {29},
  number = {2},
  pages = {204--224},
  issn = {0924-3453, 1744-5124},
  doi = {10.1080/09243453.2017.1400444},
  langid = {english}
}

@article{lahire_teoria_2012,
  title = {{De la teor\'ia del habitus a una sociolog\'ia psicol\'ogica}},
  author = {Lahire, Bernard},
  year = {2012},
  month = oct,
  journal = {CPU-e, Revista de Investigaci\'on Educativa},
  number = {14},
  pages = {75--105},
  issn = {1870-5308},
  doi = {10.25009/cpue.v0i14.30},
  abstract = {We have translated this text thanks to the support of previous published traslation and a group of enthusiastic people, turning this work into a formative and enriching intellectual exercise for all the participants in the Seminar (now a Learning Module in the University of Veracruz called Translation of Scientific and Literary Texts from French to Spanish and its Didactics).},
  langid = {spanish},
  file = {C\:\\Users\\kevin\\Zotero\\storage\\BLJCW6C4\\Lahire - 2012 - De la teoría del habitus a una sociología psicológ.pdf}
}

@article{lechner_debate_1992,
  title = {{EL DEBATE SOBRE ESTADO Y MERCADO}},
  author = {Lechner, Norbert},
  year = {1992},
  journal = {Revista Nueva Sociedad},
  volume = {121},
  pages = {13},
  langid = {spanish},
  file = {C\:\\Users\\kevin\\Zotero\\storage\\24JKVI8T\\Lechner - EL DEBATE SOBRE ESTADO Y MERCADO.pdf}
}

@article{lee_Tolerated_2014,
  title = {``{{Tolerated One Way}} but {{Not}} the {{Other}}'': {{Levels}} and {{Determinants}} of {{Social}} and {{Political Tolerance}} in {{Hong Kong}}},
  shorttitle = {``{{Tolerated One Way}} but {{Not}} the {{Other}}''},
  author = {Lee, Francis L. F.},
  year = {2014},
  month = sep,
  journal = {Social Indicators Research},
  volume = {118},
  number = {2},
  pages = {711--727},
  issn = {0303-8300, 1573-0921},
  doi = {10.1007/s11205-013-0433-5},
  langid = {english}
}

@book{lipset_hombre_1997,
  title = {{El hombre pol\'itico. Las bases sociales de la pol\'itica}},
  shorttitle = {{El hombre pol?}},
  author = {Lipset, Seymour Martin},
  year = {1997},
  publisher = {{Rei M??xico}},
  address = {{M??xico}},
  isbn = {978-968-456-308-7},
  langid = {spanish},
  annotation = {OCLC: 970413536}
}

@article{maurissen_Classroom_2020,
  title = {Classroom Discussions and Political Tolerance towards Immigrants: The Importance of Mutual Respect and Responsiveness},
  shorttitle = {Classroom Discussions and Political Tolerance towards Immigrants},
  author = {Maurissen, Lies and Barber, Carolyn and Claes, Ellen},
  year = {2020},
  month = apr,
  journal = {Acta Politica},
  volume = {55},
  number = {2},
  pages = {242--266},
  issn = {0001-6810, 1741-1416},
  doi = {10.1057/s41269-018-0114-0},
  langid = {english}
}

@article{medjedovic_intergroup_2021,
  title = {Intergroup Conflict Runs in the Family: {{Parental}} Social Attitudes and Political Ideology Predict the Ethos of Conflict in Their Offspring},
  shorttitle = {Intergroup Conflict Runs in the Family},
  author = {Medjedovic, Janko and Petrovic, Boban},
  year = {2021},
  journal = {Psihologija},
  volume = {54},
  number = {4},
  pages = {347--362},
  issn = {0048-5705, 1451-9283},
  doi = {10.2298/PSI200402028M},
  abstract = {Ethos of Conflict (EOC) represents a set of societal beliefs regarding violent intergroup conflict. One of the important topic in intergroup conflict research is the political socialization of beliefs regarding conflict ? the intergenerational transmission of the conflict-related beliefs from parents to children. However, the empirical data on this process is still very scarce. This is why the main goal of the present research was to examine the associations between EOC beliefs between the parents and their offspring; furthermore, we analyzed which of the parental social attitudes and political ideology beliefs predict EOS in their offspring. The research participants were family members of Serbian nationality (Ntotal=253; 102 families). We examined EOC in the context of the conflict between Serbs and Albanians in Kosovo. The data revealed high correlation in EOC between parents and their children. Furthermore, parental traditional religiousness, materialistic ethnocentrism, high conservative, and low liberal political ideology predicted EOC in the offspring. The research findings showed that parental attitudes can indeed be a major source of EOC in their children. Results specified that religious, self-oriented and conservative parents have higher EOC themselves and tend to share beliefs about the conflict with their children to a higher extent. The results have a conceptual and practical implication for building reconciliation and peace},
  langid = {english},
  file = {C\:\\Users\\kevin\\Zotero\\storage\\E4AUX5Q5\\Medjedovic y Petrovic - 2021 - Intergroup conflict runs in the family Parental s.pdf}
}

@article{meeusen_ParentChild_2015,
  title = {Parent-{{Child Similarity}} in {{Common}} and {{Specific Components}} of {{Prejudice}}: {{The Role}} of {{Ideological Attitudes}} and {{Political Discussion}}: {{Parent-Child Similarity}} in {{Prejudice}}},
  shorttitle = {Parent-{{Child Similarity}} in {{Common}} and {{Specific Components}} of {{Prejudice}}},
  author = {Meeusen, Cecil and Dhont, Kristof},
  year = {2015},
  month = nov,
  journal = {European Journal of Personality},
  volume = {29},
  number = {6},
  pages = {585--598},
  issn = {08902070},
  doi = {10.1002/per.2011},
  langid = {english},
  file = {C\:\\Users\\kevin\\Zotero\\storage\\V4GXB3RR\\Meeusen y Dhont - 2015 - Parent-Child Similarity in Common and Specific Com.pdf}
}

@misc{ministeriodeeducacion_Programa_2017,
  title = {Programa de Educaci\'on Intercultural Biling\"ue 2010-2016},
  author = {{Ministerio de Educaci{\'o}n}},
  year = {2017},
  howpublished = {http://peib.mineduc.cl/wp-content/uploads/2018/05/20180226-PEIB-2010-2016-Versi\%C3\%B3n-Final.pdf},
  file = {C\:\\Users\\kevin\\Zotero\\storage\\DCZ5HMJX\\20180226-PEIB-2010-2016-Versión-Final.pdf}
}

@incollection{miranda_Political_2018,
  title = {The {{Political Socialization}} of {{Attitudes Toward Equal Rights}} from a {{Comparative Perspective}}},
  booktitle = {Teaching {{Tolerance}} in a {{Globalized World}}},
  author = {Miranda, Daniel and Castillo, Juan Carlos and Cumsille, Patricio},
  editor = {{Sandoval-Hern{\'a}ndez}, Andr{\'e}s and Isac, Maria Magdalena and Miranda, Daniel},
  year = {2018},
  volume = {4},
  pages = {103--123},
  publisher = {{Springer International Publishing}},
  address = {{Cham}},
  doi = {10.1007/978-3-319-78692-6_7},
  isbn = {978-3-319-78691-9 978-3-319-78692-6},
  file = {C\:\\Users\\kevin\\Zotero\\storage\\E4X9PAUE\\Miranda et al. - 2018 - The Political Socialization of Attitudes Toward Eq.pdf}
}

@article{ortiz_Actitudes_2016,
  title = {Actitudes de Los Estudiantes En Escuelas Segregadas y En Escuelas Inclusivas, Hacia La Tolerancia Social y La Convivencia Entre Pares},
  author = {Ortiz, Iv{\'a}n},
  year = {2016},
  journal = {Calidad en la educaci\'on},
  volume = {44},
  pages = {68--97}
}

@book{parkin_Marxismo_1984,
  title = {Marxismo y Teor\'ia de Clases. {{Una}} Cr\'itica Burguesa},
  author = {Parkin, Frank},
  year = {1984},
  publisher = {{Calpe}},
  address = {{Madrid}}
}

@article{parsons_clase_1976,
  title = {La Clase Escolar Como Sistema Social: Algunas de Sus Funciones En La Sociedad Americana},
  author = {Parsons, Talcott},
  year = {1976},
  journal = {Revista de educaci\'on},
  number = {242},
  pages = {64--86}
}

@book{pnud_Desiguales_2017,
  title = {Desiguales: Or\'igenes, Cambios y Desaf\'ios de La Brecha Social En {{Chile}}},
  shorttitle = {Desiguales},
  editor = {PNUD},
  year = {2017},
  publisher = {{PNUD : Uqbar Editores}},
  address = {{Santiago, Chile}},
  isbn = {978-956-7469-86-4},
  lccn = {HN300.Z9 S6 2017},
  keywords = {1970-,Chile,Equality,Income distribution,Social conditions},
  annotation = {OCLC: on1001473766}
}

@article{raijman_Perceived_2004,
  title = {Perceived Threat and Exclusionary Attitudes towards Foreign Workers in {{Israel}}},
  author = {Raijman, Rebeca and Semyonov, Moshe},
  year = {2004},
  month = sep,
  journal = {Ethnic and Racial Studies},
  volume = {27},
  number = {5},
  pages = {780--799},
  issn = {0141-9870, 1466-4356},
  doi = {10.1080/0141987042000246345},
  langid = {english}
}

@article{riedemann_Desde_2020,
  title = {Desde Una Educaci\'on Intercultural Para Pueblos Ind\'igenas Hacia Otra Pertinente al Contexto Migratorio Actual. {{Un}} An\'alisis Basado En El Caso de {{Chile}} - {{From}} an Intercultural Education for Indigenous Peoples to Another One Focused on the Current Migration Context. {{An}} Analysis Based on the {{Chilean}} Case},
  author = {Riedemann, Andrea and Stefoni, Carolina and Stang, Fernanda and Corval{\'a}n, Javier},
  year = {2020},
  journal = {Estudios Atacame\~nos},
  number = {64},
  pages = {337--359},
  publisher = {{[Universidad Cat\'olica del Norte, Instituto de Investigaciones Arqueol\'ogicas y Museo, Universidad Cat\'olica del Norte]}},
  issn = {0716-0925},
  abstract = {El art\'iculo plantea la pregunta de si el Programa de Educaci\'on Intercultural Biling\"ue (PEIB), la pol\'itica educativa chilena enfocada en aquellos grupos que hist\'oricamente han sido considerados como representantes de la diversidad cultural en el pa\'is \textendash aquellos pueblos reconocidos por la Ley Ind\'igena de Chile\textendash, es aplicable al contexto relativamente nuevo que ha emergido en las escuelas a ra\'iz de la migraci\'on internacional. Para ello, se presenta brevemente el origen del PEIB y el contexto en el cual emergi\'o, un an\'alisis de dos de sus caracter\'isticas centrales, y una discusi\'on sobre los eventuales vasos comunicantes de ese programa con el contexto migratorio. Mediante un an\'alisis documental de los aspectos mencionados y de las evaluaciones hechas al PEIB, se llega a la conclusi\'on de que es poco conveniente considerar esta pol\'itica educativa como un punto de partida hacia una pol\'itica pertinente a la realidad migratoria. Ante esa conclusi\'on, se presentan al final algunas reflexiones sobre los desaf\'ios a los que se enfrenta el sistema educativo chileno, profundamente inmerso en un modelo neoliberal de sociedad, para avanzar hacia una buena educaci\'on para todos, y que a la vez tenga en cuenta la diversidad cultural. This article poses the question if the Intercultural Bilingual Education Programa of Chile (PEIB, for its name in spanish), the education policy designed for those groups that historically have been considered as representatives of cultural diversity \textendash those groups recognized by the chilean Indigenous Law\textendash{} is suitable for the rather new context that has emerged in schools due to international migration. The analysis presents the origin of PEIB and the context that made it possible, focuses on two central features of the PEIB, and then discusses the possible connection points with the new context. Based on a document analysis of the aforementioned aspects and some of the evaluations the program has gone through, we conclude that it is rather not recommendable to use the PEIB as a starting point for a education policy that attends to the migration context. At this point, the article presents some thoughts about the challenges the chilean education system \textendash deeply rooted in a neoliberal society model\textendash{} faces to advance towards a good education system for all, that also takes into account cultural diversity.},
  file = {C\:\\Users\\kevin\\Zotero\\storage\\S9A2MBQH\\Riedemann et al. - 2020 - Desde una educación intercultural para pueblos ind.pdf}
}

@article{riedemann_Sobre_2015,
  title = {Sobre El Racismo, Su Negaci\'on, y Las Consecuencias Para Una Educaci\'on Anti-Racista En La Ense\~nanza Secundaria Chilena},
  author = {Riedemann, Andrea and Stefoni, Carolina},
  year = {2015},
  month = dec,
  journal = {Polis (Santiago)},
  volume = {14},
  number = {42},
  pages = {191--216},
  issn = {0718-6568},
  doi = {10.4067/S0718-65682015000300010},
  langid = {english},
  file = {C\:\\Users\\kevin\\Zotero\\storage\\BMZVRHL6\\Riedemann y Stefoni - 2015 - Sobre el racismo, su negación, y las consecuencias.pdf}
}

@article{rojasfabris_inclusiA_2019,
  title = {La {{inclusi\~A}}{$^3$}n de Estudiantes {{LGTBI}} En Las Escuelas Chilenas: Entre {{invisibilizaci\~A}}{$^3$}n y Reconocimiento Social},
  shorttitle = {La {{inclusi\~A}}{$^3$}n de Estudiantes {{LGTBI}} En Las Escuelas Chilenas},
  author = {Rojas Fabris, Maria Teresa and Fern{\~A}{\textexclamdown}ndez, Mar{\~A}\-a Beatriz and {Universidad de Chile} and Astudillo, Pablo and Stefoni, Carolina and Salinas, Pablo and Valdebenito, Mar{\~A}\-a Jos{\~A}{\textcopyright}},
  year = {2019},
  journal = {Pensamiento Educativo: Revista de Investigaci\'on Educacional Latinoamericana},
  volume = {56},
  number = {1},
  pages = {14--14},
  doi = {10.7764/PEL.56.1.2019.3}
}

@article{sampermans_Back_2020,
  title = {Back on Track? {{How}} Civic Learning Opportunities Widen the Political Knowledge Gap in a Tracked Education System},
  shorttitle = {Back on Track?},
  author = {Sampermans, Dorien and Claes, Ellen and Janmaat, Jan Germen},
  year = {2020},
  month = oct,
  journal = {School Effectiveness and School Improvement},
  pages = {1--19},
  issn = {0924-3453, 1744-5124},
  doi = {10.1080/09243453.2020.1830125},
  langid = {english}
}

@book{schulz_Percepciones_2018,
  title = {Percepciones de Los J\'ovenes Acerca Del Gobierno, La Convivencia Pac\'ifica y La Diversidad En Cinco Pa\'ises de {{Am\'erica Latina}}: {{Estudio Internacional}} Sobre {{Educaci\'on C\'ivica}} y {{Ciudadana}} 2016 de La {{IEA}}. {{Informe Lationamericano}}. {{IEA}}.},
  author = {Schulz, W. and Ainley, J. and Cox, C. and Friedman, T.},
  year = {2018}
}

@article{sincer_relationship_2020,
  title = {The Relationship between Ethnic School Composition, School Diversity Climate and Students' Competences in Dealing with Differences},
  author = {Sincer, I{\c s}{\i}l and Volman, Monique and {van der Veen}, Ineke and Severiens, Sabine},
  year = {2020},
  month = dec,
  journal = {Journal of Ethnic and Migration Studies},
  pages = {1--26},
  issn = {1369-183X, 1469-9451},
  doi = {10.1080/1369183X.2020.1846508},
  langid = {english},
  file = {C\:\\Users\\kevin\\Zotero\\storage\\L94VXIKE\\Sincer et al. - 2020 - The relationship between ethnic school composition.pdf}
}

@article{stang-alva_narrativas_2021,
  title = {Narrativas Sobre Diversidad Cultural y Migraci\'on En Escuelas de {{Chile}}},
  author = {{Stang-Alva}, Mar{\'i}a Fernanda and {Riedemann-Fuentes}, Andrea Maureen and {Stefoni-Espinoza}, Carolina and {Corval{\'a}n-Rodr{\'i}guez}, Javier},
  year = {2021},
  month = jan,
  journal = {Magis, Revista Internacional de Investigaci\'on en Educaci\'on},
  volume = {14},
  pages = {1--32},
  issn = {2027-1182, 2027-1174},
  doi = {10.11144/Javeriana.m14.ndcm},
  abstract = {Este art\'iculo de investigaci\'on explora,desde la interculturalidad cr\'itica,los principales enunciados de las tramas narrativas de diferentes actores escolares chilenos (docentes, asistentes y directores) con respecto a los desaf\'ios que la multiculturalidad representa para su pr\'actica pedag\'ogica, a partir de un estudio cualitativo desarrollado en cinco escuelas de tres comunas de la Regi\'on Metropolitana (Independencia, Recoleta y Quilicura). Se identifican enunciados enmarcados en dos tipos generales de discurso: uno asimilacionista y universalizador, y otro de~la tolerancia y la hibridez.Se concluye que ambos suponen una mirada funcional de la interculturalidad que es preciso problematizar,considerando las pr\'acticas pedag\'ogicas en que se materializan.},
  file = {C\:\\Users\\kevin\\Zotero\\storage\\WA9NNKV3\\Stang-Alva et al. - 2021 - Narrativas sobre diversidad cultural y migración e.pdf}
}

@article{stefoni_Educacion_2016a,
  title = {Educaci\'on e Interculturalidad En {{Chile}} - {{Education}} and Interculturality in {{Chile}}},
  author = {Stefoni, Carolina and Stang, Fernanda and Riedemann, Andrea},
  year = {2016},
  journal = {Estudios Internacionales},
  volume = {48},
  number = {185},
  pages = {153--182},
  publisher = {{Instituto de Estudios Internacionales Universidad de Chile}},
  issn = {07160240, 07193769},
  doi = {10.2307/26660800},
  abstract = {[El incremento del movimiento de personas a trav\'es de las fronteras dentro de la regi\'on, ha convocado el inter\'es de diversos acad\'emicos y analistas por comprender las m\'ultiples dimensiones de transformaci\'on social que ello implica. Chile no ha estado ajeno a la configuraci\'on de este incipiente campo de estudio. En el presente art\'iculo hemos querido profundizar en una dimensi\'on clave para comprender los procesos de inserci\'on que se configuran en la sociedad: el desaf\'io de la educaci\'on intercultural en el sistema escolar. Sostenemos que la ausencia de una pol\'itica p\'ublica que oriente, capacite y entregue las herramientas necesarias al sistema escolar, dificulta la construcci\'on de una escuela intercultural capaz de dar respuesta a la creciente diversidad que se manifiesta en las aulas. Por otra parte, analizaremos de qu\'e modo la invisibilizaci\'on de la discriminaci\'on de la que son objeto ni\~nos y ni\~nas migrantes, termina reproduciendo nociones hegem\'onicas de la cultura dominante, imposibilitando la condici\'on de igualdad necesaria para sustentar un proyecto intercultural. Societies are undoubtedly subject to continuing change. But we do not know exactly how deep these changes are, where they lead to, the interrelations of the various aspects involved, its effects in other fields and how, as these are modified, they bring about transformations that change the various fields anew. In this scenario of movements and counter movements it is not only difficult but fanciful to establish causal relationships to comprehend social phenomena. To believe that migrants per se cause the effects and demands they are assigned with \textendash{} such as the displacement of domestic workers from labor markets, the lack of security of the neighborhoods they live in, the increase of crime rates, drug trafficking and, at present, terrorism \textendash{} can work in political nationalist discourse, but not in the argumentative debate that should characterize the academic world.]}
}

@incollection{sunkel_sostenibilidad_1998,
  title = {La Sostenibilidad Del Desarrollo Vigente En {{Am\'erica Latina}}},
  booktitle = {Am\'erica {{Latina}} En El Siglo {{XXI}}. {{De}} La Esperanza a La Equidad},
  author = {Sunkel, Osvaldo},
  year = {1998},
  pages = {29--82},
  publisher = {{Fondo de Cultura Econ\'omica}},
  address = {{Mexico}},
  isbn = {968-16-6153-2}
}

@article{tendam_Measuring_2011,
  title = {Measuring {{Young People}}'s {{Citizenship Competences}}: {{European Journal}} of {{Education}}, {{Part I}}},
  shorttitle = {Measuring {{Young People}}'s {{Citizenship Competences}}},
  author = {{ten Dam}, Geert and Geijsel, Femke and Reumerman, Rene and Ledoux, Guuske},
  year = {2011},
  month = sep,
  journal = {European Journal of Education},
  volume = {46},
  number = {3},
  pages = {354--372},
  issn = {01418211},
  doi = {10.1111/j.1465-3435.2011.01485.x},
  langid = {english},
  file = {C\:\\Users\\kevin\\Zotero\\storage\\TQ629EZS\\ten Dam et al. - 2011 - Measuring Young People's Citizenship Competences .pdf}
}

@book{tilly_desigualdad_2000,
  title = {La Desigualdad Persistente},
  author = {Tilly, Charles},
  year = {2000},
  publisher = {{Manantial}},
  address = {{Buenos Aires}},
  isbn = {987-500-049-3}
}

@article{torney-purta_How_2008,
  title = {How {{Adolescents}} in 27 {{Countries Understand}}, {{Support}}, and {{Practice Human Rights}}},
  author = {{Torney-Purta}, Judith and Wilkenfeld, Britt and Barber, Carolyn},
  year = {2008},
  month = dec,
  journal = {Journal of Social Issues},
  volume = {64},
  number = {4},
  pages = {857--880},
  issn = {00224537, 15404560},
  doi = {10.1111/j.1540-4560.2008.00592.x},
  langid = {english}
}

@article{trevino_Influence_2017,
  title = {Influence of Teachers and Schools on Students' Civic Outcomes in {{Latin America}}},
  author = {Trevi{\~n}o, Ernesto and B{\'e}jares, Consuelo and Villalobos, Crist{\'o}bal and Naranjo, Elo{\'i}sa},
  year = {2017},
  month = nov,
  journal = {The Journal of Educational Research},
  volume = {110},
  number = {6},
  pages = {604--618},
  issn = {0022-0671, 1940-0675},
  doi = {10.1080/00220671.2016.1164114},
  langid = {english}
}

@incollection{trevino_Influence_2018,
  title = {Influence of {{Teacher}}, {{Student}} and {{School Characteristics}} on {{Students}}' {{Attitudes Toward Diversity}}},
  booktitle = {Teaching {{Tolerance}} in a {{Globalized World}}},
  author = {Trevi{\~n}o, Ernesto and B{\'e}jares, Consuelo and Wyman, Ignacio and Villalobos, Crist{\'o}bal},
  editor = {{Sandoval-Hern{\'a}ndez}, Andr{\'e}s and Isac, Maria Magdalena and Miranda, Daniel},
  year = {2018},
  volume = {4},
  pages = {33--65},
  publisher = {{Springer International Publishing}},
  address = {{Cham}},
  doi = {10.1007/978-3-319-78692-6_4},
  isbn = {978-3-319-78691-9 978-3-319-78692-6},
  langid = {english},
  file = {C\:\\Users\\kevin\\Zotero\\storage\\7VEQ4R2C\\Treviño et al. - 2018 - Influence of Teacher, Student and School Character.pdf}
}

@incollection{vandijk_Racismo_2013,
  title = {Racismo Cotidiano y Pol\'itica Intercultural},
  booktitle = {Manual Para El Dise\~no de Pol\'iticas Interculturales},
  author = {Van Dijk, Teun},
  year = {2013},
  pages = {114--120},
  publisher = {{Universitat Pompeu Fabra}},
  address = {{Barcelona}}
}

@article{viverosvigoya_interseccionalidad_2016,
  title = {{La interseccionalidad: una aproximaci\'on situada a la dominaci\'on}},
  shorttitle = {{La interseccionalidad}},
  author = {Viveros Vigoya, Mara},
  year = {2016},
  month = oct,
  journal = {Debate Feminista},
  volume = {52},
  pages = {1--17},
  issn = {01889478},
  doi = {10.1016/j.df.2016.09.005},
  langid = {spanish},
  file = {C\:\\Users\\kevin\\Zotero\\storage\\ILHXC3E4\\Viveros Vigoya - 2016 - La interseccionalidad una aproximación situada a .pdf}
}

@book{wade_raza_2000,
  title = {{Raza y etnicidad en Latinoam\'erica}},
  author = {Wade, Peter},
  year = {2000},
  edition = {1. ed},
  publisher = {{Abya-Yala}},
  address = {{Quito}},
  isbn = {978-9978-04-640-1},
  langid = {spanish}
}

@article{weber_educational_2020,
  title = {The Educational Divide over Feelings about Ethnic Minorities: Does More Education Really Lead to Less Prejudice?},
  shorttitle = {The Educational Divide over Feelings about Ethnic Minorities},
  author = {Weber, Hannes},
  year = {2020},
  month = aug,
  journal = {Journal of Ethnic and Migration Studies},
  pages = {1--20},
  issn = {1369-183X, 1469-9451},
  doi = {10.1080/1369183X.2020.1810540},
  langid = {english}
}

@book{young_justicia_2000,
  title = {{La justicia y la pol\'itica de la diferencia}},
  author = {Young, Iris Marion},
  year = {2000},
  series = {{Colecci\'on feminismos}},
  number = {59},
  publisher = {{C\'atedra [u.a.]}},
  address = {{Madrid}},
  isbn = {978-84-376-1826-5},
  langid = {spanish}
}


