
@misc{bibliotecadelcongresonacional_Biblioteca_2015,
  title = {Biblioteca Del {{Congreso Nacional}} | {{Ley Chile}}},
  author = {{Biblioteca del Congreso Nacional}},
  year = {2015},
  month = jun,
  abstract = {Servicio proporcionado por la Biblioteca del Congreso Nacional (BCN), que contiene la informaci\'on jur\'idico-legislativa},
  howpublished = {https://www.bcn.cl/leychile},
  journal = {www.bcn.cl/leychile},
  language = {en}
}

@misc{bibliotecadelcongresonacional_Biblioteca_2016,
  title = {Biblioteca Del {{Congreso Nacional}} | {{Ley Chile}}},
  author = {{Biblioteca del Congreso Nacional}},
  year = {2016},
  month = apr,
  abstract = {Servicio proporcionado por la Biblioteca del Congreso Nacional (BCN), que contiene la informaci\'on jur\'idico-legislativa},
  file = {C\:\\Users\\kevin\\Zotero\\storage\\3UVREQFZ\\navegar.html},
  howpublished = {https://www.bcn.cl/leychile},
  journal = {www.bcn.cl/leychile},
  language = {en}
}

@book{cox_Aprendizaje_2015,
  title = {Aprendizaje de La Ciudadan\'ia: Contextos, Experiencias y Resultados},
  shorttitle = {Aprendizaje de La Ciudadan\'ia},
  editor = {Cox, Cristi{\'a}n and Castillo, Juan Carlos},
  year = {2015},
  publisher = {{Ediciones Universidad Cat\'olica de Chile}},
  address = {{Santiago}},
  isbn = {978-956-14-1513-3},
  lccn = {323.60983}
}

@article{donosoromo_INTERCULTURALIDAD_2006,
  title = {{{INTERCULTURALIDAD Y POL\'ITICAS P\'UBLICAS EN EDUCACI\'ON}}: {{REFLEXIONES DESDE SANTIAGO DE CHILE}}},
  shorttitle = {{{INTERCULTURALIDAD Y POL\'ITICAS P\'UBLICAS EN EDUCACI\'ON}}},
  author = {Donoso Romo, Andr{\'e}s and Contreras M{\"u}hlenbrock, Rafael and Cubillos Puelma, Leonardo and Aravena Arag{\'o}n, Luis},
  year = {2006},
  volume = {32},
  issn = {0718-0705},
  doi = {10.4067/S0718-07052006000100002},
  journal = {Estudios pedag\'ogicos (Valdivia)},
  language = {en},
  number = {1}
}

@book{durkheim_Educacion_2013,
  title = {{Educaci\'on y sociolog\'ia}},
  author = {Durkheim, {\'E}mile and Fauconnet, Paul and Borrell, Joan},
  year = {2013},
  publisher = {{Pen\'insula}},
  address = {{Barcelona}},
  annotation = {OCLC: 898296075},
  isbn = {978-84-9942-277-0},
  language = {Trad. de: \'Education et sociologie.}
}

@article{farkac_Tolerance_2020,
  title = {Tolerance More than Equality? {{Two}} Facets of Tolerance towards Immigrants among {{Czech}} Adolescents},
  shorttitle = {Tolerance More than Equality?},
  author = {Farka{\v c}, Bronislav and Scott, Zuzana and {\v S}erek, Jan},
  year = {2020},
  month = sep,
  volume = {17},
  pages = {679--703},
  issn = {1740-5629, 1740-5610},
  doi = {10.1080/17405629.2020.1724534},
  journal = {European Journal of Developmental Psychology},
  language = {en},
  number = {5}
}

@article{fine-davis_Equality_2014,
  title = {Equality and {{Diversity}} in the {{Classroom}}: {{A Comparison}} of {{Students}}' and {{Teachers}}' {{Attitudes}} in {{Six European Countries}}},
  shorttitle = {Equality and {{Diversity}} in the {{Classroom}}},
  author = {{Fine-Davis}, Margret and Faas, Daniel},
  year = {2014},
  month = dec,
  volume = {119},
  pages = {1319--1334},
  issn = {0303-8300, 1573-0921},
  doi = {10.1007/s11205-013-0547-9},
  file = {C\:\\Users\\kevin\\Zotero\\storage\\BBT29LSA\\Fine-Davis y Faas - 2014 - Equality and Diversity in the Classroom A Compari.pdf},
  journal = {Social Indicators Research},
  language = {en},
  number = {3}
}

@article{groof_Influence_2008,
  title = {The {{Influence}} of {{Civic Knowledge}} versus {{Democratic School Experiences}} on {{Ethnic Tolerance}} of {{Adolescents}}. {{A Multilevel}} Analysis},
  author = {Groof, Saskia De and Elchardus, Mark and Franck, Eva and Kavadis, Dimokritos},
  year = {2008},
  pages = {25},
  abstract = {In a society of rapid change and increasing complexity, there is a growing need for citizens to be informed, to be actively involved and to take up personal responsibility. However, research points out citizens no longer feel connected to society and that intolerance and distrust tend to increase. Therefore a crucial role has been granted to citizenship education from early ages on.},
  file = {C\:\\Users\\kevin\\Zotero\\storage\\QU3KK6DU\\Groof et al. - The Influence of Civic Knowledge versus Democratic.pdf},
  language = {en}
}

@article{hjerm_New_2020,
  title = {A {{New Approach}} to the {{Study}} of {{Tolerance}}: {{Conceptualizing}} and {{Measuring Acceptance}}, {{Respect}}, and {{Appreciation}} of {{Difference}}},
  shorttitle = {A {{New Approach}} to the {{Study}} of {{Tolerance}}},
  author = {Hjerm, Mikael and Eger, Maureen A. and Bohman, Andrea and Fors Connolly, Filip},
  year = {2020},
  month = feb,
  volume = {147},
  pages = {897--919},
  issn = {0303-8300, 1573-0921},
  doi = {10.1007/s11205-019-02176-y},
  abstract = {Abstract             Previous empirical research on tolerance suffers from a number of shortcomings, the most serious being the conceptual and operational conflation of (in)tolerance and prejudice. We design research to remedy this. First, we contribute to the literature by advancing research that distinguishes analytically between the two phenomena. We conceptualize tolerance as a value orientation towards difference. This definition\textemdash which is abstract and does not capture attitudes towards specific out-groups, ideas, or behaviors\textemdash allows for the analysis of tolerance within and between societies. Second, we improve the measurement of tolerance by developing survey items that are consistent with this conceptualization. We administer two surveys, one national (Sweden) and one cross-national (Australia, Denmark, Great Britain, Sweden, and the United States). Results from structural equation models show that tolerance is best understood as a three-dimensional concept, which includes acceptance of, respect for, and appreciation of difference. Analyses show that measures of tolerance have metric invariance across countries, and additional tests demonstrate convergent and discriminant validity. We also assess tolerance's relationship to prejudice and find that only an appreciation of difference has the potential to reduce prejudice. We conclude that it is not only possible to measure tolerance in a way that is distinct from prejudice but also necessary if we are to understand the causes and consequences of tolerance.},
  file = {C\:\\Users\\kevin\\Zotero\\storage\\WGRSLGBE\\Hjerm et al. - 2020 - A New Approach to the Study of Tolerance Conceptu.pdf},
  journal = {Social Indicators Research},
  language = {en},
  number = {3}
}

@article{isac_Native_2012,
  title = {{Native Students Attitudes towards Equal Rights for Immigrants. A Study in 18 European Countries}},
  author = {Isac, Maria Magdalena and Maslowski, Ralf and Van Der Werf, Greetje},
  year = {2012},
  month = apr,
  pages = {12012: Comparative Studies of Civic and Citizenship Education},
  publisher = {{JSSE - Journal of Social Science Education}},
  doi = {10.4119/JSSE-586},
  abstract = {The present study investigates the determinants of native student attitudes towards equal rights for immigrants giving particular attention to the effect of immigrant share in the classroom and the extent to which it can be generalized across country contexts. The contribution sheds some new light on the validity of the contact hypothesis, which suggests that mixing native and immigrant students in schools and classrooms can contribute to higher levels of support for immigrants' rights. The analyses were conducted across 18 countries participating to the ICCS survey in 2009. For the analyses we applied a three-level multilevel model controlling for individual, classroom, and country characteristics. We tested a random slope for immigrant share in the classroom at country level, and we modeled both linear and quadratic effects of immigrant share. The overall pattern suggests that in most countries there is a small positive effect of immigrant share, which does not change dramatically in direction or size at higher immigrant share levels.},
  copyright = {This work is licensed under a Creative Commons Attribution-ShareAlike 4.0 International License.},
  journal = {JSSE - Journal of Social Science Education},
  language = {de}
}

@book{isac_Teaching_2018,
  title = {Teaching {{Tolerance}} in a {{Globalized World}}},
  editor = {Isac, Maria Magdalena and Miranda, Daniel and {Sandoval-Hern{\'a}ndez}, Andr{\'e}s},
  year = {2018},
  edition = {1st ed. 2018},
  publisher = {{Springer International Publishing : Imprint: Springer}},
  address = {{Cham}},
  doi = {10.1007/978-3-319-78692-6},
  abstract = {This open access thematic report identifies factors and conditions that can help schools and education systems promote tolerance in a globalized world. The IEA's International Civic and Citizenship Study (ICCS) is a comparative research program designed to investigate the ways in which young people are prepared to undertake their roles as citizens, and provides a wealth of data permitting not only comparison between countries but also comparisons between schools within countries, and students within countries. Advanced analytical methods provide insights into relationships between students' attitudes towards cultural diversity and the characteristics of the students themselves, their families, their teachers and school principals. The rich diversity of educational and cultural contexts in the 38 countries who participated in ICCS 2009 are also acknowledged and addressed. Readers interested in civic education and adolescents' attitudes towards cultural diversity will find the theoretical perspectives explored engaging. For readers interested in methodology, the advanced analytical methods employed present textbook examples of how to address cross-cultural comparability of measurement instruments and multilevel data structures in international large-scale assessments (ILSA). Meanwhile, those interested in educational policy should find the identification and comparison of malleable factors across education systems that contribute to positive student attitudes towards cultural diversity a useful and thought-provoking resource},
  file = {C\:\\Users\\kevin\\Zotero\\storage\\HWS5A2GT\\Isac et al. - 2018 - Teaching Tolerance in a Globalized World.pdf},
  isbn = {978-3-319-78692-6},
  keywords = {Assessment,Assessment; Testing and Evaluation,Comparative education,Education and state,Educational policy,Educational Policy and Politics,International and Comparative Education,International education},
  lccn = {371.26},
  number = {4},
  series = {{{IEA Research}} for {{Education}}, {{A Series}} of {{In}}-Depth {{Analyses Based}} on {{Data}} of the {{International Association}} for the {{Evaluation}} of {{Educational Achievement}} ({{IEA}})}
}

@article{lee_Tolerated_2014,
  title = {``{{Tolerated One Way}} but {{Not}} the {{Other}}'': {{Levels}} and {{Determinants}} of {{Social}} and {{Political Tolerance}} in {{Hong Kong}}},
  shorttitle = {``{{Tolerated One Way}} but {{Not}} the {{Other}}''},
  author = {Lee, Francis L. F.},
  year = {2014},
  month = sep,
  volume = {118},
  pages = {711--727},
  issn = {0303-8300, 1573-0921},
  doi = {10.1007/s11205-013-0433-5},
  journal = {Social Indicators Research},
  language = {en},
  number = {2}
}

@article{maurissen_Classroom_2020,
  title = {Classroom Discussions and Political Tolerance towards Immigrants: The Importance of Mutual Respect and Responsiveness},
  shorttitle = {Classroom Discussions and Political Tolerance towards Immigrants},
  author = {Maurissen, Lies and Barber, Carolyn and Claes, Ellen},
  year = {2020},
  month = apr,
  volume = {55},
  pages = {242--266},
  issn = {0001-6810, 1741-1416},
  doi = {10.1057/s41269-018-0114-0},
  journal = {Acta Politica},
  language = {en},
  number = {2}
}

@article{meeusen_ParentChild_2015,
  title = {Parent-{{Child Similarity}} in {{Common}} and {{Specific Components}} of {{Prejudice}}: {{The Role}} of {{Ideological Attitudes}} and {{Political Discussion}}: {{Parent}}-{{Child Similarity}} in {{Prejudice}}},
  shorttitle = {Parent-{{Child Similarity}} in {{Common}} and {{Specific Components}} of {{Prejudice}}},
  author = {Meeusen, Cecil and Dhont, Kristof},
  year = {2015},
  month = nov,
  volume = {29},
  pages = {585--598},
  issn = {08902070},
  doi = {10.1002/per.2011},
  file = {C\:\\Users\\kevin\\Zotero\\storage\\V4GXB3RR\\Meeusen y Dhont - 2015 - Parent-Child Similarity in Common and Specific Com.pdf},
  journal = {European Journal of Personality},
  language = {en},
  number = {6}
}

@misc{ministeriodeeducacion_Programa_2017,
  title = {Programa de Educaci\'on Intercultural Biling\"ue 2010-2016},
  author = {{Ministerio de Educaci{\'o}n}},
  year = {2017},
  file = {C\:\\Users\\kevin\\Zotero\\storage\\DCZ5HMJX\\20180226-PEIB-2010-2016-Versión-Final.pdf},
  howpublished = {http://peib.mineduc.cl/wp-content/uploads/2018/05/20180226-PEIB-2010-2016-Versi\%C3\%B3n-Final.pdf}
}

@article{parsons_clase_1976,
  title = {La Clase Escolar Como Sistema Social: Algunas de Sus Funciones En La Sociedad Americana},
  author = {Parsons, Talcott},
  year = {1976},
  pages = {64--86},
  journal = {Revista de educaci\'on},
  number = {242}
}

@book{pnud_Desiguales_2017,
  title = {Desiguales: Or\'igenes, Cambios y Desaf\'ios de La Brecha Social En {{Chile}}},
  shorttitle = {Desiguales},
  editor = {PNUD},
  year = {2017},
  publisher = {{PNUD : Uqbar Editores}},
  address = {{Santiago, Chile}},
  annotation = {OCLC: on1001473766},
  isbn = {978-956-7469-86-4},
  keywords = {1970-,Chile,Equality,Income distribution,Social conditions},
  lccn = {HN300.Z9 S6 2017}
}

@article{raijman_Perceived_2004,
  title = {Perceived Threat and Exclusionary Attitudes towards Foreign Workers in {{Israel}}},
  author = {Raijman, Rebeca and Semyonov, Moshe},
  year = {2004},
  month = sep,
  volume = {27},
  pages = {780--799},
  issn = {0141-9870, 1466-4356},
  doi = {10.1080/0141987042000246345},
  journal = {Ethnic and Racial Studies},
  language = {en},
  number = {5}
}

@article{riedemann_Desde_2020,
  title = {Desde Una Educaci\'on Intercultural Para Pueblos Ind\'igenas Hacia Otra Pertinente al Contexto Migratorio Actual. {{Un}} An\'alisis Basado En El Caso de {{Chile}} - {{From}} an Intercultural Education for Indigenous Peoples to Another One Focused on the Current Migration Context. {{An}} Analysis Based on the {{Chilean}} Case},
  author = {Riedemann, Andrea and Stefoni, Carolina and Stang, Fernanda and Corval{\'a}n, Javier},
  year = {2020},
  pages = {337--359},
  publisher = {{[Universidad Cat\'olica del Norte, Instituto de Investigaciones Arqueol\'ogicas y Museo, Universidad Cat\'olica del Norte]}},
  issn = {0716-0925},
  abstract = {El art\'iculo plantea la pregunta de si el Programa de Educaci\'on Intercultural Biling\"ue (PEIB), la pol\'itica educativa chilena enfocada en aquellos grupos que hist\'oricamente han sido considerados como representantes de la diversidad cultural en el pa\'is \textendash aquellos pueblos reconocidos por la Ley Ind\'igena de Chile\textendash, es aplicable al contexto relativamente nuevo que ha emergido en las escuelas a ra\'iz de la migraci\'on internacional. Para ello, se presenta brevemente el origen del PEIB y el contexto en el cual emergi\'o, un an\'alisis de dos de sus caracter\'isticas centrales, y una discusi\'on sobre los eventuales vasos comunicantes de ese programa con el contexto migratorio. Mediante un an\'alisis documental de los aspectos mencionados y de las evaluaciones hechas al PEIB, se llega a la conclusi\'on de que es poco conveniente considerar esta pol\'itica educativa como un punto de partida hacia una pol\'itica pertinente a la realidad migratoria. Ante esa conclusi\'on, se presentan al final algunas reflexiones sobre los desaf\'ios a los que se enfrenta el sistema educativo chileno, profundamente inmerso en un modelo neoliberal de sociedad, para avanzar hacia una buena educaci\'on para todos, y que a la vez tenga en cuenta la diversidad cultural. This article poses the question if the Intercultural Bilingual Education Programa of Chile (PEIB, for its name in spanish), the education policy designed for those groups that historically have been considered as representatives of cultural diversity \textendash those groups recognized by the chilean Indigenous Law\textendash{} is suitable for the rather new context that has emerged in schools due to international migration. The analysis presents the origin of PEIB and the context that made it possible, focuses on two central features of the PEIB, and then discusses the possible connection points with the new context. Based on a document analysis of the aforementioned aspects and some of the evaluations the program has gone through, we conclude that it is rather not recommendable to use the PEIB as a starting point for a education policy that attends to the migration context. At this point, the article presents some thoughts about the challenges the chilean education system \textendash deeply rooted in a neoliberal society model\textendash{} faces to advance towards a good education system for all, that also takes into account cultural diversity.},
  file = {C\:\\Users\\kevin\\Zotero\\storage\\S9A2MBQH\\Riedemann et al. - 2020 - Desde una educación intercultural para pueblos ind.pdf},
  journal = {Estudios Atacame\~nos},
  number = {64}
}

@article{rojasfabris_inclusiA_2019,
  title = {La {{inclusi\~A}}{$^3$}n de Estudiantes {{LGTBI}} En Las Escuelas Chilenas: Entre {{invisibilizaci\~A}}{$^3$}n y Reconocimiento Social},
  shorttitle = {La {{inclusi\~A}}{$^3$}n de Estudiantes {{LGTBI}} En Las Escuelas Chilenas},
  author = {Rojas Fabris, Maria Teresa and Fern{\~A}{\textexclamdown}ndez, Mar{\~A}\-a Beatriz and {Universidad de Chile} and Astudillo, Pablo and Stefoni, Carolina and Salinas, Pablo and Valdebenito, Mar{\~A}\-a Jos{\~A}{\textcopyright}},
  year = {2019},
  volume = {56},
  pages = {14--14},
  doi = {10.7764/PEL.56.1.2019.3},
  journal = {Pensamiento Educativo: Revista de Investigaci\'on Educacional Latinoamericana},
  number = {1}
}

@article{sampermans_Back_2020,
  title = {Back on Track? {{How}} Civic Learning Opportunities Widen the Political Knowledge Gap in a Tracked Education System},
  shorttitle = {Back on Track?},
  author = {Sampermans, Dorien and Claes, Ellen and Janmaat, Jan Germen},
  year = {2020},
  month = oct,
  pages = {1--19},
  issn = {0924-3453, 1744-5124},
  doi = {10.1080/09243453.2020.1830125},
  journal = {School Effectiveness and School Improvement},
  language = {en}
}

@book{schulz_Percepciones_2018,
  title = {Percepciones de Los J\'ovenes Acerca Del Gobierno, La Convivencia Pac\'ifica y La Diversidad En Cinco Pa\'ises de {{Am\'erica Latina}}: {{Estudio Internacional}} Sobre {{Educaci\'on C\'ivica}} y {{Ciudadana}} 2016 de La {{IEA}}. {{Informe Lationamericano}}. {{IEA}}.},
  author = {Schulz, W. and Ainley, J. and Cox, C. and Friedman, T.},
  year = {2018}
}

@article{stefoni_Educacion_2016a,
  title = {Educaci\'on e Interculturalidad En {{Chile}} - {{Education}} and Interculturality in {{Chile}}},
  author = {Stefoni, Carolina and Stang, Fernanda and Riedemann, Andrea},
  year = {2016},
  volume = {48},
  pages = {153--182},
  publisher = {{Instituto de Estudios Internacionales Universidad de Chile}},
  issn = {07160240, 07193769},
  doi = {10.2307/26660800},
  abstract = {[El incremento del movimiento de personas a trav\'es de las fronteras dentro de la regi\'on, ha convocado el inter\'es de diversos acad\'emicos y analistas por comprender las m\'ultiples dimensiones de transformaci\'on social que ello implica. Chile no ha estado ajeno a la configuraci\'on de este incipiente campo de estudio. En el presente art\'iculo hemos querido profundizar en una dimensi\'on clave para comprender los procesos de inserci\'on que se configuran en la sociedad: el desaf\'io de la educaci\'on intercultural en el sistema escolar. Sostenemos que la ausencia de una pol\'itica p\'ublica que oriente, capacite y entregue las herramientas necesarias al sistema escolar, dificulta la construcci\'on de una escuela intercultural capaz de dar respuesta a la creciente diversidad que se manifiesta en las aulas. Por otra parte, analizaremos de qu\'e modo la invisibilizaci\'on de la discriminaci\'on de la que son objeto ni\~nos y ni\~nas migrantes, termina reproduciendo nociones hegem\'onicas de la cultura dominante, imposibilitando la condici\'on de igualdad necesaria para sustentar un proyecto intercultural. Societies are undoubtedly subject to continuing change. But we do not know exactly how deep these changes are, where they lead to, the interrelations of the various aspects involved, its effects in other fields and how, as these are modified, they bring about transformations that change the various fields anew. In this scenario of movements and counter movements it is not only difficult but fanciful to establish causal relationships to comprehend social phenomena. To believe that migrants per se cause the effects and demands they are assigned with \textendash{} such as the displacement of domestic workers from labor markets, the lack of security of the neighborhoods they live in, the increase of crime rates, drug trafficking and, at present, terrorism \textendash{} can work in political nationalist discourse, but not in the argumentative debate that should characterize the academic world.]},
  journal = {Estudios Internacionales},
  number = {185}
}

@article{torney-purta_How_2008,
  title = {How {{Adolescents}} in 27 {{Countries Understand}}, {{Support}}, and {{Practice Human Rights}}},
  author = {{Torney-Purta}, Judith and Wilkenfeld, Britt and Barber, Carolyn},
  year = {2008},
  month = dec,
  volume = {64},
  pages = {857--880},
  issn = {00224537, 15404560},
  doi = {10.1111/j.1540-4560.2008.00592.x},
  journal = {Journal of Social Issues},
  language = {en},
  number = {4}
}

@article{trevino_Influence_2017,
  title = {Influence of Teachers and Schools on Students' Civic Outcomes in {{Latin America}}},
  author = {Trevi{\~n}o, Ernesto and B{\'e}jares, Consuelo and Villalobos, Crist{\'o}bal and Naranjo, Elo{\'i}sa},
  year = {2017},
  month = nov,
  volume = {110},
  pages = {604--618},
  issn = {0022-0671, 1940-0675},
  doi = {10.1080/00220671.2016.1164114},
  journal = {The Journal of Educational Research},
  language = {en},
  number = {6}
}


